Store ID,Date,Total Sales,Region,Product Category,Units Sold
Store_7,12/26/2024,4080.97,Mombasa,Electronics,92
Store_4,10/12/2024,4895.46,Nairobi,Electronics,86
Store_8,9/29/2024,3363.09,Nairobi,Electronics,14
Store_5,3/2/2024,7602.29,Nairobi,Home & Living,71
Store_7,3/24/2024,5275.84,Nairobi,Electronics,86
Store_10,8/4/2024,2706.02,Nakuru,Groceries,5
Store_3,12/7/2024,9045.96,Kisumu,Home & Living,55
Store_7,7/5/2024,4146.97,Kisumu,Clothing,2
Store_8,1/19/2024,5663.75,Mombasa,Clothing,62
Store_5,6/25/2024,9111.49,Mombasa,Groceries,91
Store_4,4/9/2024,6430.26,Nakuru,Groceries,21
Store_8,8/20/2024,1610.53,Kisumu,Home & Living,79
Store_8,3/16/2024,9428.41,Kisumu,Clothing,21
Store_3,9/21/2024,6463.23,Nairobi,Clothing,10
Store_6,10/10/2024,3681.6,Nakuru,Clothing,87
Store_5,7/24/2024,1823.08,Nakuru,Clothing,58
Store_2,8/10/2024,8043.24,Nairobi,Clothing,39
Store_8,2/21/2024,6390.69,Nakuru,Electronics,5
Store_6,12/4/2024,5567.88,Nakuru,Groceries,65
Store_2,5/23/2024,8991.98,Mombasa,Electronics,13
Store_5,3/9/2024,7991.67,Kisumu,Clothing,85
Store_1,4/8/2024,1940.91,Nakuru,Home & Living,90
Store_10,1/25/2024,3461.36,Mombasa,Home & Living,85
Store_6,2/22/2024,2860.65,Kisumu,Clothing,53
Store_9,5/30/2024,7567.49,Nairobi,Clothing,82
Store_1,5/23/2024,818.56,Mombasa,Home & Living,45
Store_10,2/26/2024,5913.95,Mombasa,Electronics,32
Store_3,2/8/2024,7743.36,Kisumu,Electronics,36
Store_7,4/18/2024,8829.27,Nairobi,Clothing,81
Store_4,6/29/2024,3749.78,Mombasa,Electronics,99
Store_9,2/11/2024,8301.94,Nakuru,Home & Living,60
Store_3,7/4/2024,1551,Nakuru,Electronics,11
Store_5,8/10/2024,8541.3,Nakuru,Clothing,63
Store_3,5/1/2024,1711.14,Nairobi,Home & Living,21
Store_7,5/12/2024,4274.23,Mombasa,Electronics,52
Store_5,6/11/2024,8074.31,Nakuru,Groceries,55
Store_9,8/2/2024,1924.22,Nairobi,Home & Living,26
Store_7,8/8/2024,2677.89,Nakuru,Home & Living,68
Store_2,8/22/2024,7361.4,Kisumu,Groceries,34
Store_4,11/26/2024,7340.35,Mombasa,Groceries,52
Store_9,5/25/2024,6590.9,Mombasa,Home & Living,82
Store_2,8/26/2024,7092.51,Nairobi,Groceries,99
Store_10,3/16/2024,5655.88,Nairobi,Clothing,93
Store_9,1/9/2024,2892.09,Mombasa,Clothing,52
Store_10,3/14/2024,3784.11,Nakuru,Clothing,29
Store_5,9/9/2024,2225.18,Nakuru,Home & Living,38
Store_2,8/17/2024,9130.28,Kisumu,Groceries,42
Store_4,1/7/2024,6042.22,Nakuru,Groceries,21
Store_7,6/22/2024,4308.09,Nairobi,Electronics,42
Store_8,5/20/2024,4889.06,Nairobi,Electronics,13
Store_3,6/16/2024,9499.19,Nakuru,Groceries,64
Store_1,6/18/2024,1956.84,Nairobi,Groceries,17
Store_4,10/9/2024,6069.18,Mombasa,Groceries,9
Store_2,5/1/2024,5305.94,Mombasa,Home & Living,41
Store_8,7/12/2024,6308.82,Nakuru,Groceries,1
Store_4,1/5/2024,672.05,Mombasa,Electronics,2
Store_2,1/29/2024,8785.18,Mombasa,Home & Living,60
Store_6,6/13/2024,9355.12,Kisumu,Groceries,48
Store_6,12/4/2024,5868.77,Kisumu,Electronics,29
Store_10,5/15/2024,7118.18,Mombasa,Home & Living,97
Store_4,12/30/2024,9263.74,Nakuru,Groceries,10
Store_6,11/16/2024,7218.77,Kisumu,Groceries,58
Store_2,12/7/2024,1949.12,Nairobi,Groceries,60
Store_10,5/24/2024,5974.74,Nairobi,Home & Living,21
Store_2,11/22/2024,6263.79,Nairobi,Electronics,28
Store_10,8/4/2024,4529.24,Nakuru,Electronics,75
Store_4,10/27/2024,7496.22,Mombasa,Clothing,34
Store_8,5/11/2024,9376.49,Nairobi,Groceries,8
Store_7,10/18/2024,9292.9,Nakuru,Clothing,59
Store_9,3/10/2024,4782.97,Kisumu,Clothing,86
Store_8,9/8/2024,1575.76,Mombasa,Electronics,72
Store_5,10/1/2024,9855.99,Kisumu,Home & Living,49
Store_2,12/29/2024,8469.53,Nakuru,Home & Living,79
Store_5,6/30/2024,1684.3,Nairobi,Electronics,17
Store_8,6/15/2024,9248,Nairobi,Home & Living,60
Store_10,3/31/2024,8764.02,Nakuru,Clothing,87
Store_9,7/20/2024,5428.96,Nairobi,Groceries,88
Store_9,12/11/2024,6117.12,Mombasa,Electronics,45
Store_1,1/19/2024,4290.53,Nakuru,Groceries,83
Store_9,2/8/2024,1020.24,Kisumu,Home & Living,69
Store_7,5/5/2024,3684.37,Nakuru,Groceries,32
Store_9,6/21/2024,8127.11,Mombasa,Home & Living,44
Store_8,5/20/2024,544,Mombasa,Home & Living,65
Store_1,8/29/2024,3668.24,Nakuru,Clothing,87
Store_8,8/7/2024,4282.6,Nakuru,Home & Living,8
Store_8,5/5/2024,5605.26,Nairobi,Clothing,77
Store_3,2/27/2024,9238.63,Mombasa,Clothing,72
Store_1,5/27/2024,3790.29,Nakuru,Clothing,87
Store_8,11/12/2024,3796.06,Nakuru,Electronics,43
Store_3,12/26/2024,7506.26,Mombasa,Electronics,1
Store_3,1/1/2024,4796.07,Nakuru,Home & Living,51
Store_1,12/13/2024,2633.75,Nairobi,Clothing,24
Store_5,7/8/2024,4798.18,Mombasa,Electronics,99
Store_10,7/9/2024,1838.14,Nairobi,Clothing,24
Store_7,11/7/2024,2175.68,Nairobi,Groceries,17
Store_10,4/26/2024,5234.49,Nairobi,Groceries,5
Store_9,5/13/2024,4479.79,Nairobi,Groceries,20
Store_7,2/27/2024,9191.04,Mombasa,Home & Living,21
Store_9,2/13/2024,3942.74,Nairobi,Clothing,58
Store_8,6/21/2024,6015.59,Nairobi,Groceries,31
Store_2,6/8/2024,6506.51,Nakuru,Electronics,11
Store_1,6/21/2024,624.4,Mombasa,Groceries,52
Store_7,11/12/2024,6803.61,Mombasa,Groceries,15
Store_7,10/29/2024,2191.34,Kisumu,Groceries,83
Store_8,5/28/2024,9630.17,Mombasa,Home & Living,7
Store_5,3/20/2024,1912.3,Mombasa,Electronics,28
Store_3,7/31/2024,4438.93,Kisumu,Clothing,51
Store_8,7/21/2024,1310.82,Mombasa,Electronics,58
Store_6,9/8/2024,9970.31,Mombasa,Clothing,5
Store_3,8/16/2024,5270.85,Mombasa,Home & Living,5
Store_1,6/12/2024,6156.16,Mombasa,Home & Living,94
Store_3,8/14/2024,1137.23,Kisumu,Home & Living,96
Store_5,5/26/2024,7624.62,Mombasa,Home & Living,8
Store_3,1/20/2024,2494.1,Mombasa,Clothing,64
Store_1,2/16/2024,9031.52,Kisumu,Groceries,10
Store_5,8/20/2024,2448.83,Nakuru,Clothing,38
Store_10,10/31/2024,2311.53,Nairobi,Electronics,96
Store_7,1/14/2024,847.22,Nakuru,Home & Living,92
Store_7,5/22/2024,4984.64,Kisumu,Home & Living,81
Store_9,1/1/2024,5865.99,Nairobi,Electronics,95
Store_10,2/23/2024,1124.23,Kisumu,Clothing,8
Store_10,9/15/2024,7867.51,Kisumu,Groceries,25
Store_3,5/23/2024,4806.24,Mombasa,Groceries,73
Store_7,1/12/2024,5481.71,Nairobi,Electronics,66
Store_1,11/25/2024,4687.25,Mombasa,Groceries,79
Store_4,8/11/2024,4307.25,Nairobi,Clothing,50
Store_4,9/28/2024,5816.58,Kisumu,Clothing,67
Store_5,12/23/2024,1974.78,Kisumu,Electronics,49
Store_7,6/4/2024,2228.32,Nakuru,Clothing,36
Store_7,1/8/2024,8686.96,Nairobi,Home & Living,68
Store_4,5/1/2024,9488.1,Mombasa,Electronics,78
Store_7,12/13/2024,4046.44,Nakuru,Clothing,41
Store_3,6/12/2024,3072.07,Nakuru,Electronics,89
Store_6,3/30/2024,6618,Nakuru,Groceries,62
Store_2,5/15/2024,4382.97,Mombasa,Clothing,10
Store_10,7/4/2024,741.17,Nakuru,Home & Living,21
Store_9,11/11/2024,1983.45,Mombasa,Clothing,36
Store_5,6/26/2024,7301.74,Nakuru,Electronics,12
Store_6,1/28/2024,6759.78,Mombasa,Electronics,91
Store_4,8/7/2024,757.41,Kisumu,Clothing,2
Store_10,12/22/2024,2608.74,Kisumu,Home & Living,13
Store_7,2/10/2024,2695.21,Kisumu,Home & Living,53
Store_9,8/15/2024,6882.98,Kisumu,Home & Living,32
Store_7,7/10/2024,687.25,Kisumu,Electronics,95
Store_1,5/24/2024,1489.03,Nakuru,Clothing,16
Store_1,7/19/2024,8099.2,Nakuru,Groceries,32
Store_9,7/30/2024,2196.17,Nakuru,Electronics,32
Store_9,8/7/2024,6701.09,Mombasa,Home & Living,98
Store_4,8/27/2024,2762.74,Mombasa,Clothing,11
Store_9,2/15/2024,1444.69,Mombasa,Home & Living,10
Store_3,2/4/2024,2810.14,Mombasa,Groceries,15
Store_7,9/9/2024,7361.54,Kisumu,Home & Living,17
Store_6,3/22/2024,8629.12,Kisumu,Home & Living,40
Store_8,9/12/2024,8387.09,Kisumu,Groceries,18
Store_9,7/15/2024,4273.24,Nairobi,Clothing,55
Store_5,10/29/2024,6846.81,Nakuru,Electronics,73
Store_1,1/10/2024,2447.35,Mombasa,Clothing,25
Store_3,11/7/2024,3284.9,Mombasa,Groceries,59
Store_10,10/12/2024,9015.19,Kisumu,Home & Living,78
Store_8,8/29/2024,623.52,Mombasa,Clothing,89
Store_6,9/7/2024,1312.33,Mombasa,Electronics,22
Store_8,12/30/2024,2474.92,Nakuru,Groceries,30
Store_9,1/5/2024,752.06,Kisumu,Clothing,84
Store_4,4/28/2024,2223.64,Nakuru,Electronics,85
Store_1,10/15/2024,6038.89,Nairobi,Groceries,44
Store_1,3/5/2024,4503.53,Nairobi,Electronics,32
Store_10,5/25/2024,8980.38,Nairobi,Groceries,51
Store_4,8/11/2024,8265.71,Kisumu,Home & Living,46
Store_7,8/26/2024,3747.26,Mombasa,Clothing,21
Store_2,6/25/2024,2964.52,Kisumu,Electronics,99
Store_3,9/23/2024,4107.08,Kisumu,Groceries,32
Store_1,12/6/2024,6107.8,Mombasa,Electronics,94
Store_5,10/8/2024,3046.6,Nakuru,Electronics,39
Store_1,3/3/2024,6429.41,Nairobi,Clothing,12
Store_8,8/4/2024,4389.41,Nakuru,Home & Living,47
Store_1,12/7/2024,5744.45,Nairobi,Electronics,18
Store_1,11/10/2024,4643.2,Kisumu,Groceries,21
Store_2,10/9/2024,3297.42,Nairobi,Groceries,13
Store_2,6/25/2024,9510.31,Kisumu,Home & Living,21
Store_6,4/7/2024,7754.26,Nakuru,Groceries,8
Store_7,4/14/2024,1831.08,Kisumu,Home & Living,46
Store_5,4/8/2024,8750.45,Nakuru,Groceries,7
Store_1,11/6/2024,5130.6,Mombasa,Clothing,23
Store_1,1/6/2024,8998.25,Mombasa,Electronics,96
Store_3,7/15/2024,8098.62,Mombasa,Clothing,75
Store_2,12/16/2024,4539.53,Kisumu,Electronics,86
Store_5,5/12/2024,713.46,Mombasa,Electronics,22
Store_10,12/23/2024,3052.43,Nairobi,Electronics,89
Store_6,9/15/2024,5645.53,Nakuru,Clothing,22
Store_7,1/23/2024,6518.04,Nakuru,Electronics,92
Store_4,2/22/2024,2949.93,Nairobi,Clothing,29
Store_7,6/13/2024,1823.88,Kisumu,Home & Living,13
Store_8,7/20/2024,8431.84,Kisumu,Groceries,82
Store_1,3/23/2024,9851.82,Nakuru,Groceries,2
Store_6,5/24/2024,5494.06,Mombasa,Electronics,29
Store_8,3/25/2024,2130.95,Kisumu,Clothing,85
Store_5,3/18/2024,3086.92,Kisumu,Groceries,79
Store_4,12/31/2024,674.71,Nairobi,Clothing,52
Store_2,1/1/2024,9185.84,Nairobi,Clothing,27
Store_6,2/20/2024,1618.64,Mombasa,Electronics,50
Store_6,6/21/2024,5976.91,Kisumu,Groceries,95
Store_1,7/23/2024,3103.52,Kisumu,Electronics,79
Store_9,9/16/2024,5764.69,Nairobi,Electronics,23
Store_6,10/14/2024,6688.49,Kisumu,Groceries,88
Store_3,2/3/2024,8382.55,Nakuru,Groceries,44
Store_4,12/13/2024,2461,Nairobi,Home & Living,77
Store_4,4/4/2024,604.46,Mombasa,Home & Living,22
Store_3,3/12/2024,1800.41,Nairobi,Clothing,43
Store_10,2/8/2024,9050.18,Kisumu,Groceries,37
Store_3,6/2/2024,8801.96,Mombasa,Home & Living,61
Store_3,9/6/2024,6175.42,Nairobi,Clothing,97
Store_4,6/10/2024,6204.91,Nakuru,Clothing,56
Store_7,4/27/2024,6817.85,Nakuru,Clothing,3
Store_4,9/15/2024,2166.03,Nairobi,Home & Living,63
Store_9,11/1/2024,9186.91,Nakuru,Groceries,19
Store_1,9/24/2024,4478.32,Nakuru,Electronics,23
Store_8,2/23/2024,4139.82,Nakuru,Clothing,29
Store_7,8/23/2024,5429.72,Mombasa,Home & Living,30
Store_2,8/9/2024,946.18,Nakuru,Home & Living,39
Store_8,9/7/2024,2079.69,Nakuru,Electronics,25
Store_1,11/8/2024,7511.32,Nakuru,Electronics,8
Store_9,4/21/2024,1286.59,Mombasa,Home & Living,58
Store_9,9/11/2024,6229.95,Nairobi,Groceries,16
Store_2,10/29/2024,2830.82,Kisumu,Electronics,72
Store_7,7/25/2024,4198.31,Nakuru,Home & Living,1
Store_10,8/16/2024,3242.59,Nairobi,Electronics,5
Store_3,12/6/2024,3878.89,Nakuru,Groceries,3
Store_7,3/6/2024,7330.94,Mombasa,Clothing,65
Store_10,3/15/2024,3322.66,Nairobi,Electronics,4
Store_9,4/12/2024,5880.84,Mombasa,Groceries,99
Store_4,7/10/2024,5022.48,Nakuru,Home & Living,96
Store_1,9/8/2024,6804.88,Nakuru,Electronics,64
Store_2,8/13/2024,9399.88,Mombasa,Electronics,98
Store_1,10/20/2024,7459.43,Kisumu,Home & Living,89
Store_5,11/1/2024,2541.93,Mombasa,Clothing,10
Store_5,4/7/2024,796.24,Nakuru,Home & Living,21
Store_7,12/3/2024,2991.51,Mombasa,Electronics,46
Store_9,10/12/2024,6153.24,Kisumu,Home & Living,91
Store_9,11/30/2024,988.55,Mombasa,Groceries,27
Store_3,12/12/2024,5215.48,Kisumu,Home & Living,66
Store_3,11/3/2024,6170.01,Kisumu,Electronics,41
Store_3,9/5/2024,3675.32,Mombasa,Home & Living,13
Store_4,6/14/2024,7823.67,Mombasa,Clothing,9
Store_8,11/30/2024,1512.68,Nairobi,Home & Living,36
Store_6,1/30/2024,1213.81,Nakuru,Clothing,86
Store_8,9/3/2024,7417.79,Kisumu,Groceries,90
Store_1,4/15/2024,5207.17,Nairobi,Clothing,58
Store_8,2/20/2024,7039.82,Mombasa,Home & Living,54
Store_4,3/21/2024,4630.86,Nakuru,Electronics,12
Store_1,5/12/2024,2840.82,Nairobi,Clothing,81
Store_8,10/11/2024,8281.47,Kisumu,Groceries,78
Store_4,5/17/2024,8094.45,Nairobi,Clothing,14
Store_6,7/2/2024,7099.62,Kisumu,Clothing,34
Store_8,11/25/2024,3085.38,Mombasa,Clothing,53
Store_4,9/29/2024,6107.19,Nakuru,Groceries,20
Store_3,12/5/2024,3929.25,Nakuru,Home & Living,75
Store_9,3/9/2024,1370.03,Nakuru,Clothing,16
Store_3,2/3/2024,9214.48,Mombasa,Clothing,95
Store_9,9/18/2024,1799.78,Kisumu,Electronics,70
Store_2,2/22/2024,9527.25,Mombasa,Groceries,56
Store_2,7/23/2024,4737.05,Nakuru,Clothing,83
Store_2,5/5/2024,2258.76,Mombasa,Groceries,58
Store_6,8/22/2024,5648.06,Mombasa,Clothing,4
Store_3,2/12/2024,8792.99,Mombasa,Home & Living,4
Store_9,8/27/2024,7456.14,Kisumu,Home & Living,20
Store_4,4/20/2024,8162.33,Nairobi,Clothing,10
Store_1,9/5/2024,6758.44,Nairobi,Home & Living,24
Store_4,5/30/2024,7076.63,Mombasa,Clothing,99
Store_1,7/1/2024,8567.36,Nairobi,Home & Living,26
Store_5,12/1/2024,2871.85,Nairobi,Electronics,37
Store_4,4/4/2024,5149.54,Mombasa,Electronics,85
Store_8,1/8/2024,2601.49,Mombasa,Electronics,54
Store_8,12/25/2024,9882.85,Nakuru,Groceries,21
Store_7,7/2/2024,9468.56,Nairobi,Groceries,74
Store_3,10/7/2024,874.55,Kisumu,Electronics,38
Store_1,7/13/2024,7202.96,Mombasa,Groceries,46
Store_1,12/17/2024,9289.86,Nakuru,Home & Living,4
Store_3,7/13/2024,2215.47,Kisumu,Clothing,60
Store_6,6/3/2024,5895.48,Nairobi,Clothing,57
Store_7,4/2/2024,9197.14,Nakuru,Clothing,45
Store_6,6/8/2024,822.49,Mombasa,Electronics,20
Store_6,3/1/2024,7125.49,Kisumu,Groceries,17
Store_6,5/1/2024,3324.82,Mombasa,Home & Living,71
Store_3,2/20/2024,9281.76,Nairobi,Home & Living,4
Store_6,10/3/2024,9725.05,Kisumu,Electronics,93
Store_8,1/5/2024,9470.53,Nairobi,Home & Living,14
Store_2,4/1/2024,5005.04,Nairobi,Home & Living,3
Store_5,6/18/2024,8689.41,Nakuru,Home & Living,88
Store_1,11/12/2024,8523.22,Mombasa,Home & Living,80
Store_1,1/22/2024,3531.45,Kisumu,Groceries,58
Store_5,11/21/2024,8374.7,Nairobi,Home & Living,55
Store_3,1/1/2024,851.57,Nairobi,Clothing,4
Store_4,5/12/2024,6164.56,Kisumu,Electronics,24
Store_3,8/20/2024,2685.08,Nairobi,Groceries,34
Store_1,1/12/2024,1645.39,Nakuru,Home & Living,30
Store_1,12/11/2024,1231.06,Nakuru,Groceries,82
Store_5,2/15/2024,7114.74,Nakuru,Home & Living,19
Store_6,2/3/2024,3728.81,Nakuru,Clothing,31
Store_3,3/18/2024,7385.28,Nairobi,Electronics,60
Store_9,8/5/2024,1120.89,Kisumu,Home & Living,60
Store_5,10/27/2024,3495.26,Kisumu,Home & Living,19
Store_8,3/13/2024,5625.17,Kisumu,Home & Living,49
Store_1,10/8/2024,8011.87,Kisumu,Home & Living,63
Store_5,9/5/2024,3528.15,Mombasa,Electronics,83
Store_3,2/16/2024,6445.97,Kisumu,Electronics,22
Store_1,4/30/2024,8916.79,Mombasa,Clothing,24
Store_4,8/1/2024,6350.7,Mombasa,Electronics,76
Store_5,8/26/2024,2713.12,Nakuru,Home & Living,30
Store_7,2/25/2024,731.81,Mombasa,Clothing,58
Store_1,12/15/2024,8765.94,Nairobi,Clothing,31
Store_3,4/16/2024,702.06,Mombasa,Clothing,64
Store_2,11/14/2024,8809.67,Nakuru,Home & Living,19
Store_9,2/17/2024,5524.9,Mombasa,Groceries,48
Store_10,3/1/2024,9421.14,Nairobi,Home & Living,45
Store_6,12/2/2024,8088.44,Nairobi,Electronics,94
Store_10,1/26/2024,9980.37,Nairobi,Electronics,55
Store_3,10/18/2024,3831.76,Nakuru,Home & Living,55
Store_8,9/13/2024,7788.29,Nakuru,Home & Living,97
Store_8,1/8/2024,4318.34,Kisumu,Clothing,18
Store_2,4/22/2024,5058.82,Nakuru,Home & Living,63
Store_6,12/20/2024,6461.3,Nairobi,Clothing,92
Store_7,9/9/2024,8799.93,Nairobi,Electronics,47
Store_2,6/28/2024,9848.79,Nakuru,Clothing,75
Store_10,7/25/2024,7798.6,Mombasa,Home & Living,57
Store_2,10/29/2024,4468.78,Nakuru,Electronics,45
Store_10,5/6/2024,4502.89,Nakuru,Groceries,33
Store_1,2/25/2024,7507.03,Nairobi,Clothing,17
Store_8,8/1/2024,2768.38,Kisumu,Electronics,70
Store_1,1/14/2024,1549.5,Nairobi,Clothing,4
Store_9,1/28/2024,3868.91,Kisumu,Electronics,20
Store_6,3/18/2024,3228.77,Nairobi,Electronics,47
Store_7,8/3/2024,3314.93,Nakuru,Clothing,91
Store_10,12/30/2024,2719.27,Nairobi,Groceries,15
Store_7,6/2/2024,899.89,Nairobi,Electronics,70
Store_10,1/14/2024,669.8,Nairobi,Electronics,47
Store_3,7/5/2024,9883.36,Nakuru,Electronics,78
Store_2,11/7/2024,4563.84,Nakuru,Groceries,75
Store_9,1/7/2024,4151.1,Nakuru,Groceries,9
Store_8,1/3/2024,6956.65,Nakuru,Home & Living,90
Store_10,4/20/2024,2573.41,Kisumu,Clothing,16
Store_7,8/25/2024,9524.63,Kisumu,Groceries,69
Store_9,12/28/2024,7970.28,Mombasa,Clothing,61
Store_4,8/26/2024,1349.4,Nakuru,Home & Living,10
Store_4,9/30/2024,4467.02,Kisumu,Clothing,50
Store_1,10/20/2024,8851.62,Nairobi,Groceries,3
Store_8,8/14/2024,9474.95,Nakuru,Clothing,77
Store_3,1/15/2024,4940.31,Mombasa,Groceries,94
Store_7,7/10/2024,6327.41,Mombasa,Clothing,70
Store_2,4/28/2024,2086.82,Mombasa,Groceries,81
Store_2,1/28/2024,9916.1,Nairobi,Groceries,51
Store_7,7/20/2024,2700.88,Kisumu,Clothing,19
Store_6,2/8/2024,9455.95,Nairobi,Home & Living,42
Store_3,9/29/2024,6671.64,Nakuru,Electronics,35
Store_9,8/18/2024,6273.5,Mombasa,Home & Living,46
Store_10,3/26/2024,5370.54,Nairobi,Clothing,26
Store_6,5/5/2024,2691.36,Nairobi,Home & Living,69
Store_10,10/26/2024,2177.02,Kisumu,Groceries,93
Store_10,1/25/2024,2594.62,Kisumu,Electronics,64
Store_6,5/24/2024,2271.16,Mombasa,Clothing,37
Store_1,1/13/2024,7906.05,Nairobi,Clothing,84
Store_4,7/30/2024,3826.19,Nairobi,Clothing,49
Store_10,1/25/2024,1049.51,Kisumu,Electronics,21
Store_6,3/8/2024,9706.47,Nairobi,Groceries,74
Store_6,3/7/2024,8895.97,Nairobi,Clothing,64
Store_5,8/20/2024,9313.65,Nairobi,Home & Living,5
Store_1,4/18/2024,9951.62,Kisumu,Clothing,70
Store_8,5/25/2024,2152,Mombasa,Clothing,90
Store_5,4/20/2024,4264.3,Nakuru,Clothing,4
Store_5,8/15/2024,7703.27,Mombasa,Clothing,39
Store_7,4/20/2024,7112.2,Nakuru,Groceries,35
Store_4,2/3/2024,1962.01,Nairobi,Home & Living,1
Store_6,4/20/2024,8250.41,Mombasa,Groceries,24
Store_4,9/20/2024,2632.19,Nakuru,Home & Living,57
Store_3,8/23/2024,2626.27,Kisumu,Clothing,70
Store_7,3/23/2024,5601.26,Kisumu,Electronics,41
Store_8,2/11/2024,6132.93,Mombasa,Groceries,54
Store_4,4/10/2024,6010.82,Mombasa,Electronics,46
Store_2,1/6/2024,1369.12,Nairobi,Groceries,60
Store_10,6/28/2024,8835.88,Mombasa,Clothing,60
Store_3,10/8/2024,3023.2,Nairobi,Groceries,57
Store_1,11/15/2024,1730.39,Nairobi,Clothing,31
Store_8,8/13/2024,8943.11,Kisumu,Groceries,84
Store_3,11/10/2024,9578.69,Kisumu,Clothing,24
Store_10,12/30/2024,8690.21,Nakuru,Clothing,89
Store_7,8/16/2024,8190.4,Kisumu,Home & Living,36
Store_10,10/15/2024,6724.8,Kisumu,Clothing,85
Store_5,5/29/2024,5733.15,Mombasa,Home & Living,30
Store_10,10/3/2024,1326.37,Kisumu,Clothing,24
Store_5,7/16/2024,4380.31,Nakuru,Electronics,30
Store_7,3/10/2024,4040.54,Mombasa,Clothing,86
Store_9,4/21/2024,2967.66,Nakuru,Electronics,92
Store_5,1/4/2024,7372.49,Kisumu,Electronics,7
Store_1,12/15/2024,5210.82,Nakuru,Clothing,35
Store_10,11/26/2024,1269.94,Mombasa,Electronics,55
Store_10,11/13/2024,2591.74,Nairobi,Home & Living,92
Store_1,12/15/2024,6990.96,Nakuru,Groceries,14
Store_2,4/4/2024,1223.24,Nakuru,Clothing,10
Store_6,5/31/2024,8586.47,Mombasa,Electronics,80
Store_9,11/6/2024,5203.89,Mombasa,Clothing,16
Store_8,5/16/2024,5065.57,Nakuru,Home & Living,54
Store_5,9/3/2024,6127.87,Kisumu,Clothing,95
Store_1,8/30/2024,8334.47,Nakuru,Clothing,89
Store_7,1/31/2024,3804.19,Mombasa,Electronics,77
Store_5,2/9/2024,6941.15,Nairobi,Home & Living,70
Store_6,8/16/2024,5874.45,Nairobi,Groceries,44
Store_7,2/5/2024,3036.77,Kisumu,Groceries,73
Store_3,8/10/2024,8846.98,Nakuru,Electronics,45
Store_10,1/6/2024,8075.55,Nairobi,Clothing,56
Store_3,11/17/2024,6755.29,Nakuru,Electronics,84
Store_5,8/7/2024,8580.53,Mombasa,Electronics,82
Store_6,3/15/2024,8739.29,Nairobi,Electronics,57
Store_9,1/4/2024,7229.45,Kisumu,Clothing,21
Store_5,11/30/2024,8451.63,Mombasa,Home & Living,68
Store_1,5/13/2024,7125.98,Kisumu,Electronics,50
Store_4,4/27/2024,6961.34,Mombasa,Clothing,33
Store_5,4/3/2024,6376.81,Nairobi,Home & Living,91
Store_10,3/2/2024,7650.81,Kisumu,Electronics,7
Store_10,7/12/2024,2006.75,Kisumu,Groceries,70
Store_5,11/30/2024,8868.27,Mombasa,Home & Living,15
Store_7,7/21/2024,8782.51,Kisumu,Electronics,82
Store_4,1/26/2024,777.85,Mombasa,Home & Living,32
Store_1,6/21/2024,8345.26,Mombasa,Home & Living,75
Store_5,10/26/2024,1724.26,Mombasa,Home & Living,20
Store_7,5/12/2024,3683.63,Mombasa,Home & Living,88
Store_10,11/21/2024,7563.33,Nairobi,Home & Living,15
Store_10,4/27/2024,2027.22,Mombasa,Home & Living,48
Store_6,11/19/2024,8270.69,Nakuru,Electronics,71
Store_5,10/1/2024,8405.27,Kisumu,Groceries,21
Store_4,7/30/2024,5320.94,Nakuru,Clothing,42
Store_2,8/12/2024,560.67,Nairobi,Home & Living,26
Store_4,1/20/2024,3226.86,Nakuru,Clothing,14
Store_10,4/22/2024,6360.81,Kisumu,Electronics,57
Store_10,5/19/2024,9821.27,Nakuru,Home & Living,37
Store_3,2/16/2024,6502.23,Nairobi,Groceries,58
Store_10,1/1/2024,2968.13,Mombasa,Clothing,21
Store_1,3/30/2024,6523.05,Nakuru,Home & Living,82
Store_8,5/21/2024,5629.86,Nairobi,Electronics,69
Store_5,11/15/2024,7908.53,Nairobi,Groceries,3
Store_4,2/7/2024,1516.32,Kisumu,Clothing,87
Store_8,10/19/2024,7729.77,Kisumu,Clothing,90
Store_7,5/18/2024,5642.03,Nakuru,Home & Living,37
Store_2,12/21/2024,9648.42,Mombasa,Groceries,88
Store_1,11/28/2024,3747.79,Nairobi,Groceries,49
Store_4,9/15/2024,6509.91,Nakuru,Groceries,19
Store_8,6/9/2024,9354.27,Nairobi,Groceries,89
Store_2,6/26/2024,1473.84,Nairobi,Electronics,85
Store_3,1/10/2024,9403.67,Mombasa,Groceries,12
Store_1,9/17/2024,7034.91,Mombasa,Clothing,61
Store_1,5/17/2024,1144.45,Nakuru,Clothing,41
Store_3,6/20/2024,3359.15,Mombasa,Electronics,33
Store_5,1/13/2024,7227.63,Mombasa,Clothing,50
Store_3,6/16/2024,1139.83,Nakuru,Clothing,68
Store_1,5/9/2024,6030.62,Mombasa,Groceries,71
Store_1,3/24/2024,3785.89,Kisumu,Clothing,86
Store_8,11/16/2024,6398.7,Nairobi,Electronics,33
Store_10,11/14/2024,934.55,Nairobi,Groceries,81
Store_2,4/10/2024,8779.6,Nairobi,Home & Living,24
Store_3,11/24/2024,9748.15,Nairobi,Groceries,61
Store_2,9/29/2024,9704.34,Nakuru,Electronics,61
Store_3,9/21/2024,7621.69,Nairobi,Groceries,98
Store_7,2/7/2024,1735.82,Nairobi,Groceries,28
Store_1,4/3/2024,7703.5,Nairobi,Electronics,58
Store_10,4/4/2024,733.58,Nairobi,Groceries,43
Store_8,10/31/2024,710.17,Kisumu,Electronics,41
Store_10,3/9/2024,3574.3,Nairobi,Electronics,39
Store_10,11/13/2024,5142.11,Kisumu,Home & Living,86
Store_10,8/23/2024,7818.87,Nakuru,Clothing,49
Store_2,11/29/2024,6991.31,Mombasa,Clothing,17
Store_3,5/16/2024,4736.08,Nairobi,Groceries,98
Store_9,3/16/2024,3099.45,Mombasa,Groceries,70
Store_7,2/4/2024,9972.68,Mombasa,Home & Living,70
Store_4,1/1/2024,4548.72,Nakuru,Home & Living,98
Store_10,10/22/2024,4788.18,Mombasa,Home & Living,65
Store_5,11/15/2024,2054.43,Kisumu,Electronics,74
Store_2,2/29/2024,8050.69,Mombasa,Home & Living,85
Store_8,11/15/2024,7089.98,Mombasa,Home & Living,5
Store_4,12/14/2024,2597.31,Mombasa,Groceries,2
Store_9,11/23/2024,1282.62,Nairobi,Home & Living,22
Store_5,9/23/2024,6964.74,Nairobi,Electronics,57
Store_9,12/26/2024,6717.86,Kisumu,Electronics,66
Store_4,8/16/2024,3095.97,Kisumu,Groceries,74
Store_10,9/26/2024,9533.2,Nairobi,Home & Living,98
Store_5,11/11/2024,1935.05,Kisumu,Home & Living,16
Store_9,10/12/2024,4607.18,Nairobi,Electronics,51
Store_8,10/17/2024,9464.35,Nakuru,Home & Living,39
Store_3,7/31/2024,4487.41,Mombasa,Home & Living,86
Store_1,6/13/2024,6566,Mombasa,Home & Living,76
Store_3,1/5/2024,4277.15,Kisumu,Clothing,88
Store_4,12/4/2024,3105.04,Nairobi,Groceries,40
Store_2,3/18/2024,9847.79,Nairobi,Clothing,38
Store_1,3/2/2024,4388.67,Kisumu,Groceries,60
Store_7,5/11/2024,8993.94,Nairobi,Electronics,59
Store_8,3/29/2024,2684.57,Nakuru,Home & Living,10
Store_7,8/24/2024,2524.49,Mombasa,Groceries,99
Store_5,2/11/2024,795.77,Kisumu,Clothing,64
Store_1,3/29/2024,6690.83,Kisumu,Home & Living,63
Store_7,10/22/2024,4001,Nairobi,Electronics,49
Store_7,11/23/2024,8711.4,Kisumu,Groceries,64
Store_9,10/21/2024,4995.49,Nakuru,Groceries,32
Store_3,4/13/2024,9697.84,Nairobi,Groceries,7
